@misc{MiniAercam,
  author={NASA},
   title = {{NASA} {J}ohnson {S}pace {C}enter's {M}iniature {A}utonomous {E}xtravehicular {R}obotic {C}amera ({M}ini {AERC}am)},
   publisher = {National Aeronautics and Space Administration: Mini AERCam },
   number = {01/19/2015},
   url = {aercam.jsc.nasa.gov_aercam.pdf},
   year = {2002},
   type = {Web Page}
}

@inproceedings{dist,
   author = {Alvar Saenz-Otero and Georges Aoude and Matthew M. Jefrey and Swati Mohan and Amer Fejzic and Jacob Katz and Christine Edwards and David W. Miller},
   title = {Distributed Satellite Systems Algorithm Maturation with {SPHERES} Aboard the {ISS}},
   booktitle = {Proceedings of the 59th IAC (International Astronautical Congress)},
   url = {http://ssl.mit.edu/spheres/library/SPHERES_IAC2008.pdf},
   year = {2008},
   type = {Conference Proceedings}
}

@misc{virt_sim,
   author = {Andres F. Velasquez and Giacomo Marani and Thomas Evans and Marcello R. Napolitano and John A. Christian and Gianfranco Doretto},
   title = {Virtual Simulator for Testing a Vision Based Pose Estimation System for Autonomous Capture of Satellites with Interface Rings},
   pages = {1597-1602},
   month = {2013},
   DOI = {10.1109/MED.2013.6608935},
   url = {http://www.csee.wvu.edu/~gidoretto/publications/velasquezMENCD13med.pdf},
   year = {2013},
   type = {Conference Paper}
}

@misc{mars,
   author = {B. E. Tweddle and J. McClellan and G. Vulikh and J. Francis and D.W. Miller},
   title = {Relative Vision Based Navigation and Control for the {M}ars Sample Return Mission: Capturing the {O}rbiting {S}ample},
   month = {May 18-20, 2011},
   url = {http://ssl.mit.edu/spheres/library/tweddle_MOSR_SFFMT_2011.pdf},
   year = {May 2011},
   type = {Conference Paper}
}

@inproceedings{Vertigo1,
   author = {Brent E. Tweddle and Elias Muggler and Alvar Saenz-Otero and David W. Miller},
   title = {The {SPHERES VERTIGO G}oggles: Vision Based Mapping and Localization Onboard the {I}nternational {S}pace {S}tation},
   booktitle = {Proceedings of i-SAIRAS (International Symposium on Artificial Intelligence, Robotics and Automation in Space)},
   url = {http://ssl.mit.edu/spheres/library/tweddle-isairas12.pdf},
   year = {2012},
   type = {Conference Proceedings}
}

@misc{Vertigo2,
   author = {Dehann Fourie and Brent E. Tweddle and Steve Ulrich and Alvar Saenz-Otero},
   title = {Vision-Based Relative Navigation and Control for Autonomous Spacecraft Inspection of an Unknown Object},
   number = {AIAA 2013-4759},
   month = {August 19-22, 2013},
   year = {2013},
   type = {Conference Paper}
}

@article{Vertigo3,
   author = {Dehann Fourie and Brent E. Tweddle and Steve Ulrich and Alvar Saenz-Otero},
   title = {Flight Results of Vision-Based Navigation for Autonomous Spacecraft Inspection of Unknown Objects},
   journal = {Journal of Spacecraft and Rockets},
   volume = {51},
   number = {6},
   pages = {10},
   DOI = {10.2514/1.A32813},
   year = {2014},
   type = {Journal Article}
}

@misc{Aercam,
   author = {Dismukes, Kim},
   title = {{AERC}am {S}print},
   volume = {2015},
   number = {01/06/2015},
   url = {http://spaceflight.nasa.gov/station/assembly/sprint/},
   year = {2003},
   type = {Web Page}
}

@misc{SPHERES_form,
   author = {Edmund M. Kong and Alvar Saenz-Otero and Simon Nolet and Dustin S. Berkovitz and David W. Miller},
   title = {{SPHERES} as a Formation Flight Algorithm Development and Validation Testbed: Current Progress and Beyond},
   volume = {2015},
   number = {01/13/2015},
   url = {http://ssl.mit.edu/spheres/library/SPHERESFFPaper72.pdf},
   year = {2004},
   type = {Web Page}
}

@inproceedings{SPHERES_micro,
   author = {Fejzic, Amer},
   title = {Results of {SPHERES} Microgravity Autonomous Docking Experiments in the Presence of Anomalies},
   booktitle = {Proceeding of the 59th IAC (International Astronautical Congress)},
   url = {http://ssl.mit.edu/spheres/library/IAC_2008_AmerFejzic.pdf},
   year = {2008},
   type = {Conference Proceedings}
}

@misc{SPHERES,
   author = {Kramer, Herbert J.},
   title = {{ISS} Utilization: {SPHERES} ({S}ynchronized {P}osition {H}old {E}ngage {R}eorient {E}xperiment {S}atellites)},
   volume = {2015},
   number = {01/10/2015},
   url = {https://directory.eoportal.org/web/eoportal/satellite-missions/i/iss-spheres},
   year = {2002},
   type = {Web Page}
}

@misc{MiniAercam2,
   author = {Steven E. Frederickson and Steve Duran and Jennifer D. Mitchell},
   title = {Mini {AERC}am Inspection Robot for Human Space Missions},
   number = {AIAA 2004-5843},
   month = {28-30 Sept. 2004},
   year = {2004},
   type = {Conference Paper}
}

@misc{Tango,
   author = {Williams, Martyn},
   title = {Google's {P}roject {T}ango headed to {I}nternational {S}pace {S}tation},
   volume = {2015},
   number = {01/10/2015},
   url = {http://www.cio.com/article/2377746/smartphones/google-s-project-tango-headed-to-international-space-station.html},
   year = {2014},
   type = {Web Page}
}

@misc{EDGE,
   author={NASA},
   title={Enhanced Graphics Tools for Advanced 3{D} Simulations},
   url={http://www.nasa.gov/centers/johnson/techtransfer/technology/MSC-24663-1-doug-edge.html},
   year={2015}
}

@misc{opencv,
   author={Opencv.org},
   title={OpenCV},
   url={http://opencv.org},
   year={2015}
}

@misc{cw_eqs,
   author={Ocampo},
   title={Clohessy-{W}iltshire equations},
   publisher={University of Texas at Austin},
   url={http://courses.ae.utexas.edu/ase366k/cw_equations.pdf},
   year={2015}
}

@misc{lens,
   author={Fujinon},
   title={Fujinon YF2.8A-2 Wide Angle 2.8mm f/1.3 CCTV Lens with Manual Iris and Focus, for 1/3-Inch and 1/4-Inch CCD Cameras with CS-Mount },
   url={http://www.bhphotovideo.com/c/product/404186-REG/Fujinon_YF28A2_YF2_8A_2_Wide_Angle_2_8.html},
   year={2015},
   type={Web Page}
}

@misc{Phoenix,
   author = {Darpa.mil},
   title = {Developing Technologies for More Flexible, Cost-Effective Satellite Operations in GEO},
   url = {http://www.darpa.mil/Our_Work/TTO/Programs/Phoenix.aspx},
   year = {2015},
   type = {Web Page}
}

@misc{CubeSat,
   author = {R. Nugent and R. Munakata and A. Chin and R. Coelho and Dr. Jordi Puig-Suari},
   title = { The CubeSat: The Picosatellite Standard for Research and Education},
   url = {http://gwww.cubesat.org/images/More_Papers/cps2008.pdf},
   year = {2008},
   type = {Conference Paper}
}

@misc{Docking,
   author = {Michael Machula and Gurpartap Sandhoo},
   title = {Rendezvous and Docking for Space Exploration},
   number = {AIAA 2005-2716},
   month = {January 30 - Februrary 1, 2005},
   year = {2005},
   type = {Conference Paper}
}

@misc{Debris,
   author = {Felix Hoots and Thomas F. Starchville, Jr.},
   title = {Debris Risk Assesment Process},
   number = {AIAA 2008-6269},
   month = {August 18-21, 2008},
   year = {2008},
   type = {Conference Paper}
}

@misc{Risk,
   author = {Thomas Guay, Joel Williamsen},
   title = {International space station - Quantifying and reducing risk following orbital debris penetration},
   number = {AIAA 96-4240},
   month = {September 24-26, 1996, 2008},
   year = {1996},
   type = {Conference Paper}
}

@misc{Ammonia,
   author = {NASA.gov},
   title = {Astronauts Complete Spacewalk to Repair Ammonia Leak, Station Changes Command},
   url = {http://www.nasa.gov/mission_pages/station/expeditions/expedition35/e35_051113_eva.html},
   year = {2013},
   type = {Web Page}
}

@phdthesis{Thesis,
   author = {Miller, Brent E. Tweddle and David W.},
   title = {Computer Vision Based Navigation for Spacecraft Proximity Operations},
   school = {Massachusetts Insitute of Technology},
   year = {2010},
   type = {Thesis}
}

@misc{Vision,
   author = {Tweddle, Brent E.},
   title = {Relative Computer Vision Based Navigation for Small Inspection Spacecraft},
   url = {http://ssl.mit.edu/spheres/library/tweddle_aiaa_gnc_2011.pdf},
   year = {2011},
   type = {Conference Paper}
}

@misc{lvlh,
   author = {NASA.gov},
   title = {Apollo 15, Day 4: Lunar Encounter},
   url = {http://history.nasa.gov/ap15fj/09day4_lunar_encounter.htm},
   year = {1998},
   type = {Web Page}
}

@misc{joshi,
    author = {Sanjay Joshi},
    title = {{MAE}252. Class Lecture, Topic: {A}utonomous Robotics Lecture},
    school = {University of California, Davis},
    year = {2015},
    type = {Lecture}
}

@article{suzuki1985topological,
  title={Topological structural analysis of digitized binary images by border following},
  author={Suzuki, Satoshi and others},
  journal={Computer Vision, Graphics, and Image Processing},
  volume={30},
  number={1},
  pages={32--46},
  year={1985},
  publisher={Elsevier}
}

@techreport{approachRate,
   author = {Walter, E. M. Bains and C. R. Price and L. M.},
   title = {Track and Capture of the Orbiter With the Space Station Remote Manipulator System},
   institution = {{N}ational {A}eronautics and {S}pace {A}dministration, {J}ohnson {S}pace {C}enter},
   year = {1987},
   type = {Report}
}

@misc{hubble_essentials,
   title = {Hubble Essentials},
   author = {\url{Hubblesite.org}},
   note = {Retrieved March 3, 2016},
   type = {Web Page},
}

@misc{celestrak,
  title = {Celestrak},
  author = {\url{http://www.celestrak.com/}},
  note = {Retrieved March 3, 2016}
}

@book{usa2010european,
  title={European Space Policy and Programs Handbook},
  author={Usa, U.I.},
  isbn={9781433015328},
  series={World Strategic and Business Information Library},
  url={https://books.google.com/books?id=gs7ZCgDrJiQC},
  year={2010},
  publisher={International Business Publications, USA}
}

@techreport{csm,
   author = {Oborn, John},
   title = {Cargo System Manual (CSM): Hubble Space Telescope All Flights},
   institution = {NASA JSC},
   year = {2002},
   note = {JSC-29029}
}

@article{goodman2006history,
  title={History of space shuttle rendezvous and proximity operations},
  author={Goodman, John Louis},
  journal={Journal of Spacecraft and Rockets},
  volume={43},
  number={5},
  pages={944--959},
  year={2006}
}

@article{mech3,
  title={Evaluation of Engineering Properties of Al-Li Alloy X2096-T8A3 Extrusion Products},
  year={1999},
  publisher={NASA/TP—1999—209203}
}

@article{delta2,
  title={Delta II Payload Planners Guide},
  year={2007},
}

@misc{ref1,
  title = {Hubble Space Telescope Servicing Mission 4 The Soft Capture and Rendezvous System},
  author = {NASA},
  year = {2007},
  note = {Available: \url{http://www.nasa.gov/mission_pages/hubble/servicing/SM4/main/SCRS_FS_HTML.html}},
}

@misc{ref3,
  title = {Low Impact Docking System (LIDS)},
  author = {LaBauve, Tobie},
  note = {Available: \url{http://ntrs.nasa.gov/archive/nasa/casi.ntrs.nasa.gov/20090007783.pdf}},
}

@misc{ref5,
  title = {International Docking System Standard(IDSS) Interface Definition Document(IDD) Revision D},
  note = {Available: \url{http://www.internationaldockingstandard.com/download/IDSS_IDD_Revision_D_043015.pdf}},
  year = {2015}
}


@misc{ref12_1,
 author={SpaceX},
 title={Falcon 9 Launch Vehicle Payload User's Guide Rev 2},
 note={Available: \url{http://www.spacex.com/sites/spacex/files/falcon_9_users_guide_rev_2.0.pdf}}
}
@misc{ref12_2,
 author={Orbital ATK},
 title={Antares Medium-Class Space Launch Vehicle Fact Sheet},
 note={Available: \url{http://www.orbitalatk.com/flight-systems/space-launch-vehicles/antares/docs/FS007_06_OA_3695%20Antares.pdf}}
}
@misc{ref12_3,
 author={Orbital ATK},
 title={Minotaur I Space Launch Vehicle Fact Sheet},
 note={Available: \url{https://www.orbitalatk.com/flight-systems/space-launch-vehicles/minotaur/docs/BR06003_3862%20MinotaurI_R1.pdf}}
}
@misc{ref12_4,
 author={Orbital ATK},
 title={Minotaur IV Space Launch Vehicle Fact Sheet},
 note={Available: \url{https://www.orbitalatk.com/flight-systems/space-launch-vehicles/minotaur/docs/BR06005_3862%20MinotaurIV_R1.pdf}}
}
@misc{ref12_5,
 author={Orbital ATK},
 title={Minotaur IV - V - VI User's Guide Release 2.2},
 note={Available: \url{https://www.orbitalatk.com/flight-systems/space-launch-vehicles/minotaur/docs/MinotaurIV_V_UG.pdf}}
}
@misc{ref12_6,
 author={Orbital ATK},
 title={Pegasus Space Launch Vehicle Fact Sheet},
 note={Available: \url{https://www.orbitalatk.com/flight-systems/space-launch-vehicles/pegasus/docs/FS002_02_OA_3862%20Pegasus.pdf}}
}
@misc{ref12_7,
 author={United Launch Alliance},
 title={Atlas V Launch Services User's Guide},
 note={Available: \url{http://www.ulalaunch.com/uploads/docs/AtlasVUsersGuide2010.pdf}}
}
@misc{ref12_8,
 author={Wertz},
 title={Space Mission Engineering: The New SMAD. Space Technology Library}
}
@misc{ref12_9,
 author={United Launch Alliance},
 title={Delta II Payload Planners Guid},
 note={Available: \url{http://www.ulalaunch.com/uploads/docs/DeltaIIPayloadPlannersGuide2007.pdf}}
}
@misc{ref12_10,
 author={United Launch Alliance},
 title={Delta IV Launch Services User's Guide},
 note={Available: \url{http://www.ulalaunch.com/uploads/docs/Launch_Vehicles/Delta_IV_Users_Guide_June_2013.pdf}}
}
@misc{ref12_11,
 author={Ray, Justin},
 title={Return of the Workhors},
 note={Available: \url{http://www.spaceflightnow.com/news/n1402/12delta2/#.Vuc3I_krKhd}}
}
@misc{ref12_12,
 author={Web},
 title={List of Thor and Delta Launches (2010-19)},
 note={Available: \url{https://en.wikipedia.org/wiki/List_of_Thor_and_Delta_launches_(2010%E2%80%9319)#cite_note-33}}
}
@misc{ref12_13,
 author={United Launch Alliance},
 title={Delta II Payload Planners Guide},
 note={Available: \url{http://www.ulalaunch.com/uploads/docs/DeltaIIPayloadPlannersGuide2007.pdf}}
}
@misc{ref12_14,
 author={Aerojet Rocketdyne. Delta II Stage 2 Engine},
 title={Available: \url{http://www.rocket.com/delta-ii-stage2}engine}
}

@book{shigley2011shigley,
  title={Shigley's mechanical engineering design},
  author={Shigley, Joseph Edward},
  year={2011},
  publisher={Tata McGraw-Hill Education}
}

@misc{sunspots,
   author = {Royal Observatory of Belgium, Brussels},
   title = {Daily Sunspot Number with Error Estimates},
   note = {WDC-SILSO, Royal Observatory of Belgium, Brussels}
}

@misc{monoprop,
   author = {Aerojet},
   title = {Monopropellant Rocket Engines},
   note = {Available: \url{https://www.rocket.com/files/aerojet/documents/Capabilities/PDFs/Monopropellant%20Data%20Sheets.pdf}},
   year = {2008}
}

@misc{biprop,
   author = {Aerojet},
   title = {Bipropellant Rocket Engines},
   note = {Available: \url{https://www.rocket.com/files/aerojet/documents/Capabilities/PDFs/Bipropellant%20Data%20Sheets.pdf}},
   year = {2006}
}

@misc{earth_sensor,
   author = {Maryland Aerospace},
   title = {Static Earth Sensor Product Specification},
   year = {Aug. 2015},
   note = {\url{http://maiaero.com/products/s/static-earth-sensor-2/}}
}

@misc{sun_sensor,
   author = {NewSpace Systems},
   title = {Fine (Digital) Sun-Sensor Specifications},
   note = {\url{http://www.newspacesystems.com/wp-content/themes/formation-child/datasheets/NSS_Fine_Sun_Sensor_Datasheet_2c-.pdf}}
}

@misc{star_tracker,
   author = {Sodern},
   title = {HYDRA CMOS Star Tracker},
   year = {2015},
   note = {\url{http://www.sodern.com/sites/docs_wsw/RUB_51/2015_SODERN_HYDRA.pdf}}
}

@misc{cold_gas_thruster,
   author = {VACCO Space Products},
   title = {2 lbf Cold Gas Thruster 48003040},
   year = {Jul. 2004},
   note = {\url{http://www.vacco.com/images/uploads/pdfs/cold_gas_thrusters.pdf}}
}

@misc{gps_ins,
   author = {Honeywell},
   title = {E-SIGI Enhanced Space Integrated GPS/INS},
   year = {Jun. 2004},
   note = {\url{http://www51.honeywell.com/aero/common/documents/myaerospacecatalog-documents/E-SIGI.pdf}}
}

@misc{cold_gas2,
   author = {Marotta},
   title = {Cold Gas Micro-Thruster Product Overview},
   year = {Mar. 2008},
   note = {\url{https://wiki.umn.edu/pub/AEM_Air_Launch_Team/ComponentList/Cold_Gas_Micro-Thruster.pdf}}
}

@misc{space_props,
   author = {Vienna University of Technology},
   title = {Space Propulsion},
   note = {\url{http://www.iap.tuwien.ac.at/www/_media/lvainfo/134176/scprop_06_v2.pdf}}
}


@misc{MIL-STD-1629A,
   title={MIL-STD-1629A Procedures for Performing a Failure Mode, Effects, and Criticality Analysis},
   author={DEPARTMENT OF DEFENSE},
   note={\url{http://www.everyspec.com/MIL-STD/MIL-STD+(1600+-+1699)/MIL_STD_1629A_1556/}}
}

@misc{handbook_mmod,
   title={Handbook for Designing MMOD Protection},
   author={NASA Johnson Space Center},
   note={\url{http://ston.jsc.nasa.gov/collections/trs/_techrep/TM-2009-214785.pdf}}
}

@misc{debris_model,
   title={NASA Orbital Debris Engineering Model ORDEM 3.0 - User's Guide},
   author={Orbital Debris Program Office},
   note={\url{http://ston.jsc.nasa.gov/collections/trs/_techrep/TP-2014-217370.pdf}}
}

@article{ryan2010micrometeoroid,
  title={Micrometeoroid and orbital debris (MMOD) shield ballistic limit analysis program},
  author={Ryan, Shannon and Christiansen, Eric L},
  journal={NASA Johnson Space Center, NASA/TM-2009-214789, Houston},
  year={2010}
}
